@article{IDTR-2021-03,
    collaboration = "ATLAS",
    title         = "{Performance of the reconstruction of large impact parameter tracks in the inner detector of ATLAS}",
    archivePrefix = "arXiv",
    eprint        = "2304.12867",
    reportNumber  = "CERN-EP-2023-067",
    journal       = "Eur. Phys. J. C",
    volume        = "83",
    pages         = "1081",
    year          = "2023",
    doi           = "10.1140/epjc/s10052-023-12024-6",
}